<?xml version="1.0" encoding="UTF-8"?><record xmlns="http://www.loc.gov/MARC21/slim" xmlns:cinclude="http://apache.org/cocoon/include/1.0" xmlns:zs="http://www.loc.gov/zing/srw/">
  <leader>00519nz  a2200145n  4500</leader>
  <controlfield tag="001">n 2014069770</controlfield>
  <controlfield tag="003">DLC</controlfield>
  <controlfield tag="005">20141107152722.0</controlfield>
  <controlfield tag="008">141107n| azannaabn          |a ana      </controlfield>
  <datafield tag="010" ind1=" " ind2=" ">
    <subfield code="a">n 2014069770</subfield>
  </datafield>
  <datafield tag="040" ind1=" " ind2=" ">
    <subfield code="a">DLC</subfield>
    <subfield code="b">eng</subfield>
    <subfield code="c">DLC</subfield>
    <subfield code="e">rda</subfield>
  </datafield>
  <datafield tag="110" ind1="1" ind2=" ">
    <subfield code="a">Marion County (Or.).</subfield>
    <subfield code="b">Department of Public Works</subfield>
  </datafield>
  <datafield tag="410" ind1="1" ind2=" ">
    <subfield code="w">nnea</subfield>
    <subfield code="a">Marion County (Or.).</subfield>
    <subfield code="b">Dept. of Public Works</subfield>
  </datafield>
  <datafield tag="410" ind1="1" ind2=" ">
    <subfield code="a">Marion County (Or.).</subfield>
    <subfield code="b">Public Works, Department</subfield>
  </datafield>
  <datafield tag="670" ind1=" " ind2=" ">
    <subfield code="a">Road and recreation map, Marion County, Oregon, 1995:</subfield>
    <subfield code="b">panel title (Department of Public Works)</subfield>
  </datafield>
</record>